@online{wikipi,
title = {Raspberry Pi - Wikipedia},
year = {2015},
url = {https://en.wikipedia.org/wiki/Raspberry_Pi#Specifications},
OPTurldate = {1/12/2015},
}
@online{wikiair,
title = {MacBook Air - Wikipedia},
year = {2015},
url = {https://en.wikipedia.org/wiki/MacBook_Air#Specifications},
OPTurldate = {1/12/2015},
}