@book{hetcomp,
title = {Heterogeneous Computing with OpenCL},
author = {Benedict R. Gaster and Lee Howes and David R. Kaeli and Perhaad Mistry and Dana Schaa},
year = {2012},
}
@online{nvidiakernel,
title = {CUDA FAQ},
url = {https://developer.nvidia.com/cuda-faq},
urldate = {1/2/2016}
}
