@online{wikipi,
title = {Raspberry Pi - Wikipedia},
url = {https://en.wikipedia.org/wiki/Raspberry_Pi#Specifications},
urldate = {1/12/2015},
}
@online{wikiair,
title = {MacBook Air - Wikipedia},
url = {https://en.wikipedia.org/wiki/MacBook_Air#Specifications},
urldate = {1/12/2015},
}
@online{javapi,
title = {Oracle Java on Raspberry Pi},
year = {2013},
url = {https://www.raspberrypi.org/blog/oracle-java-on-raspberry-pi/},
urldate = {2/12/2015},
}
@online{getrealjava,
title = {[Java7] internal error},
year = {2013},
url = {http://archlinuxarm.org/forum/viewtopic.php?p=29876&sid=4f7640dedc4c7652bec6532798b87453#p29876},
urldate = {2/12/2015},
}
@online{rcpu,
title = {Remote CPU monitoring webserver},
url = {https://github.com/davidsblog/rCPU},
urldate = {2/12/2015},
}
